
@article{dtwBerndt1994,
    author    = "Berndt, Donald J. and Clifford, James",
    title     = "Using Dynamic Time Warping to Find Patterns in Time Series",
    year      = "1994",
    url       = "https://dl.acm.org/doi/10.5555/3000850.3000887",
journal={Proceedings of the 3rd International Conference on Knowledge Discovery and Data Mining},
}



@online{fmpapi,
    author    = "Financial Modeling Prep",
    title     = "Financial Modeling Prep API Documentation",
    url       = "https://financialmodelingprep.com"
}

@online{nasdaq,
    author    = "Nasdaq stock exchange",
    title     = "Nasdaq 100",
    url       = "https://www.slickcharts.com/nasdaq100"
}

@online{alpha,
    author    = "Alpha Vantage",
    title     = "Nasdaq 100",
    url       = "https://www.alphavantage.co/documentation/"
}

@online{measures2,
    author    = "Chao Chen, Jamie Twycross, Jonathan M. Garibaldi",
    title     = "A new accuracy measure based on bounded relative error for time series forecasting",
    doi       = "10.1371/journal.pone.0174202"
}
@online{ref1,
    author    = "Manie Tadayon, Yumi Iwashita",
    title     = "A clustering approach to time series forecasting using neural networks: A comparative study on distance-based vs. feature-based clustering methods",
    doi       = "10.48550/arXiv.2001.09547"
}

@online{ref2,
    author    = "Grzejszczak Tomasz and Probierz Eryka and Galuszka Adam and Simek Krzysztof and Jędrasiak Karol",
    title     = "Dynamic Time Warping in Financial Data – Modification of Algorithm in Context of Stock Market Similarity Analysis",
    doi       = "10.35808/ersj/2897"
}

@online{ref3,
    author    = "Ada Wai-chee Fu and Eamonn Keogh and Leo Yung Hang Lau and Chotirat Ann Ratanamahatana",
    title     = "Scaling and Time Warping in Time Series Querying",
    doi       = "10.1007/s00778-006-0040-z"
}

@online{ref4,
    author    = "Feng Zhao and Yating Gao and Xinning Li and Zhiyong An and Shiyu Ge and Caiming Zhang",
    title     = "A similarity measurement for time series and its application to the stock market",
    doi       = "10.1016/j.eswa.2021.115217"
}

@online{accuracy,
    author    = "Ivan Svetunkov",
    title     = "Are you sure you’re precise? Measuring accuracy of point forecasts",
    url       = "https://www.r-bloggers.com/2019/08/are-you-sure-youre-precise-measuring-accuracy-of-point-forecasts/"
}


@online{mapa,
    author    = "Nikolaos Kourentzes, Fotios Petropoulos, Juan R. Trapero",
    title     = "Improving forecasting by estimating time series structural components across multiple frequencies",
    doi       = "10.1016/j.ijforecast.2013.09.006"
}


@online{merge,
    author    = "Hui Zoua, Yuhong Yang",
    title     = "Combining time series models for forecasting",
    url       = "http://users.stat.umn.edu/~zouxx019/Papers/after.pdf"
}

@online{dtwlearn,
    author    = "tslearn",
    title     = "TSLearn - Dynamic Time Warping",
    url       = "https://tslearn.readthedocs.io/en/stable/user_guide/dtw.html"
}

@online{tslearnclustering,
    author    = "tslearn",
    title     = "TSLearn - Dynamic Time Warping",
    url       = "https://tslearn.readthedocs.io/en/stable/user_guide/clustering.html"
}


@online{fastAccurateTimeSeriesClustering,
    year = 2017,
    author    = "John Paparrizos and Luis Gravano",
    title     = "Fast and Accurate Time-Series Clustering",
    doi       = "10.1145/3044711"
}

@online{dataVsInformation,
    year = 2023,
    author    = "Javier Vásquez Sáenz, Facundo Manuel Quiroga, Aurelio F. Bariviera",
    title     = "Data vs. information: Using clustering techniques to enhance stock returns forecasting",
    doi       = "10.1016/j.irfa.2023.102657"
}


@article{decadeReview,
    year = 2015,
    author    = "Saeed Aghabozorgi, Ali Seyed Shirkhorshidi, Teh Ying Wah",
    title     = "Time-series clustering – A decade review",
    doi       = "10.1016/j.is.2015.04.007"
}

@online{scikit,
    title="Scikit-learn: Machine Learning in Python",
    author="Fabian Pedregosa and Gael Varoquaux and Alexandre Gramfort and Vincent Michel and Bertrand Thirion et al.",
    doi="10.48550/arXiv.1201.0490"
}

@online{tslearn,
    title="Tslearn, A Machine Learning Toolkit for Time Series Data",
    url="https://www.jmlr.org/papers/volume21/20-091/20-091.pdf"
}

@online{covidMarkets,
    title="COVID-19 and the United States financial markets’ volatility",
    author="Claudiu Tiberiu Albulesc",
year="2021",
    doi="10.1016/j.frl.2020.101699"
}


@online{globalCovid,
    title="Impact of COVID-19 Pandemic on Financial Markets: a Global Perspective",
    author="Sabeeh Ullah",
year="2022",
    doi="10.1007/s13132-022-00970-7"
}

@online{recession,
    title="Recessions and the stock market",
    author="Tim A. Kroencke",
year="2022",
    doi="10.1016/j.jmoneco.2022.07.004"
}

@online{closePrice,
    title="The manipulation of closing prices",
    author="Pierre Hillion and Matti Suominen",
year="2004",
    doi="10.1016/j.finmar.2004.04.002"
}

@online{silhouettes,
    title="Silhouettes: A graphical aid to the interpretation and validation of cluster analysis",
    author="Peter J. Rousseeuw",
year="1987",
    doi="10.1016/0377-0427(87)90125-7"

}



@online{davies,
    title="A Cluster Separation Measure",
    author="David L. Davies and Donald W. Bouldin",
year="1979",
    doi="10.1109/TPAMI.1979.4766909"
}

@online{calinski,
    title="A Dendrite Method for Cluster Analysis",
    author="Caliński, Tadeusz and JA, Harabasz",
    year="1974",
    doi="10.1080/03610927408827101"
}


@online{somBackground,
    title="The Self-Organizing Maps: Background, Theories, Extensions and Applications",
    author="Hujun Yin ",
    year="2008",
    doi="10.1007/978-3-540-78293-3_17"
}

@online{pcaSom,
    title="Introducing self-organized maps (SOM) as a visualization tool for materials research and education",
    author="Jimin Qian and Nam Phuong Nguyen and Yutaka Oya and Gota Kikugawa and Tomonaga Okabe and Yue Huang and Fumio S. Ohuchi",
    year="2019",
    doi="10.1016/j.rinma.2019.100020"
}


